@inproceedings{goldberger2005neighbourhood,
  title={Neighbourhood components analysis},
  author={Goldberger, Jacob and Hinton, Geoffrey E and Roweis, Sam T and Salakhutdinov, Ruslan R},
  booktitle={Advances in neural information processing systems},
  pages={513--520},
  year={2005}
}

@inproceedings{hinton2003stochastic,
  title={Stochastic neighbor embedding},
  author={Hinton, Geoffrey E and Roweis, Sam T},
  booktitle={Advances in neural information processing systems},
  pages={857--864},
  year={2003}
}

@article{jing2011selection,
  title={Selection of the suitable parameter value for ISOMAP},
  author={Jing, Li and Shao, Chao},
  journal={Journal of Software},
  volume={6},
  number={6},
  pages={1034--1041},
  year={2011},
  publisher={Academy Publisher, PO Box 40 Oulu 90571 Finland}
}

@article{chang1974finding,
  title={Finding prototypes for nearest neighbor classifiers},
  author={Chang, Chin-Liang},
  journal={IEEE Transactions on Computers},
  volume={100},
  number={11},
  pages={1179--1184},
  year={1974},
  publisher={IEEE}
}

@article{hart1968condensed,
  title={The condensed nearest neighbor rule (Corresp.)},
  author={Hart, Peter},
  journal={IEEE transactions on information theory},
  volume={14},
  number={3},
  pages={515--516},
  year={1968},
  publisher={Citeseer}
}

@inproceedings{angiulli2005fast,
  title={Fast condensed nearest neighbor rule},
  author={Angiulli, Fabrizio},
  booktitle={Proceedings of the 22nd international conference on Machine learning},
  pages={25--32},
  year={2005},
  organization={ACM}
}

@inproceedings{kusner2014stochastic,
  title={Stochastic neighbor compression},
  author={Kusner, Matt and Tyree, Stephen and Weinberger, Kilian and Agrawal, Kunal},
  booktitle={International Conference on Machine Learning},
  pages={622--630},
  year={2014}
}

@article{parada2018blue,
  title={Blue-Noise Sampling on Graphs},
  author={Parada-Mayorga, Alejandro and Lau, Daniel L and Giraldo, Jhony H and Arce, Gonzalo R},
  journal={arXiv preprint arXiv:1811.12542},
  year={2018}
}
@article{kouropteva2002selection,
  title={Selection of the optimal parameter value for the locally linear embedding algorithm.},
  author={Kouropteva, Olga and Okun, Oleg and Pietik{\"a}inen, Matti},
  journal={FSKD},
  volume={2},
  pages={359--363},
  year={2002},
  publisher={Citeseer}
}
@article{ulichney1988dithering,
  title={Dithering with blue noise},
  author={Ulichney, Robert A},
  journal={Proceedings of the IEEE},
  volume={76},
  number={1},
  pages={56--79},
  year={1988},
  publisher={IEEE}
}
@article{lau2003blue,
  title={Blue and green noise halftoning models},
  author={Lau, Daniel L and Ulichney, Robert and Arce, Gonzalo R},
  journal={IEEE Signal Processing Magazine},
  volume={20},
  number={4},
  pages={28--38},
  year={2003},
  publisher={IEEE}
}

@book{lau2008modern,
  title={Modern digital halftoning},
  author={Lau, Daniel L and Arce, Gonzalo R},
  year={2008},
  publisher={CRC Press}
}

@inproceedings{ulichney1993void,
  title={Void-and-cluster method for dither array generation},
  author={Ulichney, Robert A},
  booktitle={Human Vision, Visual Processing, and Digital Display IV},
  volume={1913},
  pages={332--344},
  year={1993},
  organization={International Society for Optics and Photonics}
}

@book{tan2018introduction,
  title={Introduction to data mining},
  author={Tan, Pang-Ning},
  year={2018},
  publisher={Pearson Education India}
}

@inproceedings{weinberger2006distance,
  title={Distance metric learning for large margin nearest neighbor classification},
  author={Weinberger, Kilian Q and Blitzer, John and Saul, Lawrence K},
  booktitle={Advances in neural information processing systems},
  pages={1473--1480},
  year={2006}
}
@article{Bentley:1975:MBS:361002.361007,
 author = {Bentley, Jon Louis},
 title = {Multidimensional Binary Search Trees Used for Associative Searching},
 journal = {Commun. ACM},
 issue_date = {Sept. 1975},
 volume = {18},
 number = {9},
 month = sep,
 year = {1975},
 issn = {0001-0782},
 pages = {509--517},
 numpages = {9},
 url = {http://doi.acm.org/10.1145/361002.361007},
 doi = {10.1145/361002.361007},
 acmid = {361007},
 publisher = {ACM},
 address = {New York, NY, USA},
 keywords = {associative retrieval, attribute, binary search trees, binary tree insertion, information retrieval system, intersection queries, key, nearest neighbor queries, partial match queries},
} 

@techreport{settles2009active,
  title={Active learning literature survey},
  author={Settles, Burr},
  year={2009},
  institution={University of Wisconsin-Madison Department of Computer Sciences}
}

@article{tsang2005core,
  title={Core vector machines: Fast SVM training on very large data sets},
  author={Tsang, Ivor W and Kwok, James T and Cheung, Pak-Ming},
  journal={Journal of Machine Learning Research},
  volume={6},
  number={Apr},
  pages={363--392},
  year={2005}
}

@inproceedings{li2013adaptive,
  title={Adaptive active learning for image classification},
  author={Li, Xin and Guo, Yuhong},
  booktitle={Proceedings of the IEEE Conference on Computer Vision and Pattern Recognition},
  pages={859--866},
  year={2013}
}

@article{tong2001support,
  title={Support vector machine active learning with applications to text classification},
  author={Tong, Simon and Koller, Daphne},
  journal={Journal of machine learning research},
  volume={2},
  number={Nov},
  pages={45--66},
  year={2001}
}
@article{mackay1992information,
  title={Information-based objective functions for active data selection},
  author={MacKay, David JC},
  journal={Neural computation},
  volume={4},
  number={4},
  pages={590--604},
  year={1992},
  publisher={MIT Press}
}

@inproceedings{seung1992query,
  title={Query by committee},
  author={Seung, H Sebastian and Opper, Manfred and Sompolinsky, Haim},
  booktitle={Proceedings of the fifth annual workshop on Computational learning theory},
  pages={287--294},
  year={1992},
  organization={ACM}
}
@inproceedings{mccallumzy1998employing,
  title={Employing EM and pool-based active learning for text classification},
  author={McCallumzy, Andrew Kachites and Nigamy, Kamal},
  booktitle={Proc. International Conference on Machine Learning (ICML)},
  pages={359--367},
  year={1998},
  organization={Citeseer}
}

@inproceedings{mccallumzy1998employing,
  title={Employing EM and pool-based active learning for text classification},
  author={McCallumzy, Andrew Kachites and Nigamy, Kamal},
  booktitle={Proc. International Conference on Machine Learning (ICML)},
  pages={359--367},
  year={1998},
  organization={Citeseer}
}

@inproceedings{lewis1994sequential,
  title={A sequential algorithm for training text classifiers},
  author={Lewis, David D and Gale, William A},
  booktitle={SIGIR’94},
  pages={3--12},
  year={1994},
  organization={Springer}
}
@incollection{lewis1994heterogeneous,
  title={Heterogeneous uncertainty sampling for supervised learning},
  author={Lewis, David D and Catlett, Jason},
  booktitle={Machine learning proceedings 1994},
  pages={148--156},
  year={1994},
  publisher={Elsevier}
}
@article{shannon1948mathematical,
  title={A mathematical theory of communication},
  author={Shannon, Claude Elwood},
  journal={Bell system technical journal},
  volume={27},
  number={3},
  pages={379--423},
  year={1948},
  publisher={Wiley Online Library}
}

@article{fujii1998selective,
  title={Selective sampling for example-based word sense disambiguation},
  author={Fujii, Atsushi and Tokunaga, Takenobu and Inui, Kentaro and Tanaka, Hozumi},
  journal={Computational Linguistics},
  volume={24},
  number={4},
  pages={573--597},
  year={1998},
  publisher={MIT Press}
}

@article{lindenbaum2004selective,
  title={Selective sampling for nearest neighbor classifiers},
  author={Lindenbaum, Michael and Markovitch, Shaul and Rusakov, Dmitry},
  journal={Machine learning},
  volume={54},
  number={2},
  pages={125--152},
  year={2004},
  publisher={Springer}
}

@article{tong2001support,
  title={Support vector machine active learning with applications to text classification},
  author={Tong, Simon and Koller, Daphne},
  journal={Journal of machine learning research},
  volume={2},
  number={Nov},
  pages={45--66},
  year={2001}
}

@article{hearst1998support,
  title={Support vector machines},
  author={Hearst, Marti A. and Dumais, Susan T and Osuna, Edgar and Platt, John and Scholkopf, Bernhard},
  journal={IEEE Intelligent Systems and their applications},
  volume={13},
  number={4},
  pages={18--28},
  year={1998},
  publisher={IEEE}
}

BibTeX | EndNote | ACM Ref
@book{Scholkopf:2001:LKS:559923,
 author = {Scholkopf, Bernhard and Smola, Alexander J.},
 title = {Learning with Kernels: Support Vector Machines, Regularization, Optimization, and Beyond},
 year = {2001},
 isbn = {0262194759},
 publisher = {MIT Press},
 address = {Cambridge, MA, USA},
} 
@book{steinwart2008support,
  title={Support vector machines},
  author={Steinwart, Ingo and Christmann, Andreas},
  year={2008},
  publisher={Springer Science \& Business Media}
}
@book{deng2012support,
  title={Support vector machines: optimization based theory, algorithms, and extensions},
  author={Deng, Naiyang and Tian, Yingjie and Zhang, Chunhua},
  year={2012},
  publisher={Chapman and Hall/CRC}
}
@incollection{cortes2003positive,
  title={Positive definite rational kernels},
  author={Cortes, Corinna and Haffner, Patrick and Mohri, Mehryar},
  booktitle={Learning Theory and Kernel Machines},
  pages={41--56},
  year={2003},
  publisher={Springer}
}

@book{west1996introduction,
  title={Introduction to graph theory},
  author={West, Douglas Brent and others},
  volume={2},
  year={1996},
  publisher={Prentice hall Upper Saddle River, NJ}
}

@book{gross2004handbook,
  title={Handbook of graph theory},
  author={Gross, Jonathan L and Yellen, Jay},
  year={2004},
  publisher={CRC press}
}
@book{djuric2018cooperative,
  title={Cooperative and Graph Signal Processing: Principles and Applications},
  author={Djuric, Petar and Richard, C{\'e}dric},
  year={2018},
  publisher={Academic Press}
}

@article{sandryhaila2013discrete,
  title={Discrete signal processing on graphs},
  author={Sandryhaila, Aliaksei and Moura, Jos{\'e} MF},
  journal={IEEE transactions on signal processing},
  volume={61},
  number={7},
  pages={1644--1656},
  year={2013},
  publisher={IEEE}
}

@inproceedings{pesenson2015sampling,
  title={Sampling solutions of Schro{\"{}} dinger equations on combinatorial graphs},
  author={Pesenson, Isaac Z},
  booktitle={2015 International Conference on Sampling Theory and Applications (SampTA)},
  pages={82--85},
  year={2015},
  organization={IEEE}
}

@article{pesenson2010sampling,
  title={Sampling, filtering and sparse approximations on combinatorial graphs},
  author={Pesenson, Isaac Z and Pesenson, Meyer Z},
  journal={Journal of Fourier Analysis and Applications},
  volume={16},
  number={6},
  pages={921--942},
  year={2010},
  publisher={Springer}
}
@article{Fur,
  title={Poincaré and Plancherel--Polya Inequalities in Harmonic Analysis on Weighted Combinatorial Graphs},
  author={Fuhr, Hartmut and Pesenson, Isaac Z},
  journal={SIAM Journal on Discrete Mathematics},
  volume={27},
  number={4},
  pages={2007--2028},
  year={2013},
  publisher={SIAM}
}

@article{anis2016efficient,
  title={Efficient sampling set selection for bandlimited graph signals using graph spectral proxies},
  author={Anis, Aamir and Gadde, Akshay and Ortega, Antonio},
  journal={IEEE Transactions on Signal Processing},
  volume={64},
  number={14},
  pages={3775--3789},
  year={2016},
  publisher={IEEE}
}
@book{biyikoglu2007laplacian,
  title={Laplacian eigenvectors of graphs: Perron-Frobenius and Faber-Krahn type theorems},
  author={Biyikoglu, T{\"u}rker and Leydold, Josef and Stadler, Peter F},
  year={2007},
  publisher={Springer}
}


@article{shuman2013emerging,
  title={The emerging field of signal processing on graphs: Extending high-dimensional data analysis to networks and other irregular domains},
  author={Shuman, David I and Narang, Sunil K and Frossard, Pascal and Ortega, Antonio and Vandergheynst, Pierre},
  journal={IEEE signal processing magazine},
  volume={30},
  number={3},
  pages={83--98},
  year={2013},
  publisher={IEEE}
}
@article{pesenson2008sampling,
  title={Sampling in Paley-Wiener spaces on combinatorial graphs},
  author={Pesenson, Isaac},
  journal={Transactions of the American Mathematical Society},
  volume={360},
  number={10},
  pages={5603--5627},
  year={2008}
}

@article{parada2019blue,
  title={Blue-Noise Sampling on Graphs},
  author={Parada-Mayorga, Alejandro and Lau, Daniel L and Giraldo, Jhony H and Arce, Gonzalo R},
  journal={IEEE Transactions on Signal and Information Processing over Networks},
  volume={5},
  number={3},
  pages={554--569},
  year={2019},
  publisher={IEEE}
}